<record><leader>00000cas a2200000 a 4500</leader><controlfield tag="001">1000052581</controlfield><controlfield tag="006">m     o  |        </controlfield><controlfield tag="007">cr |||||||||||</controlfield><controlfield tag="008">170808d1871187ukyuwr neo     0    0eng c</controlfield><datafield ind1=" " ind2=" " tag="010"><subfield code="a">  2017225075</subfield></datafield><datafield ind1=" " ind2=" " tag="040"><subfield code="a">CRL</subfield><subfield code="b">eng</subfield><subfield code="e">pn</subfield><subfield code="c">CRL</subfield><subfield code="d">CRL</subfield><subfield code="d">OCL</subfield></datafield><datafield ind1=" " ind2=" " tag="042"><subfield code="a">pcc</subfield></datafield><datafield ind1=" " ind2=" " tag="043"><subfield code="a">n-us-ky</subfield></datafield><datafield ind1="0" ind2="0" tag="245"><subfield code="a">Colored representative.</subfield></datafield><datafield ind1=" " ind2=" " tag="260"><subfield code="a">Lexington, Ky. :</subfield><subfield code="b">G.B. Thomas</subfield></datafield><datafield ind1=" " ind2=" " tag="300"><subfield code="a">1 online resource</subfield></datafield><datafield ind1=" " ind2=" " tag="310"><subfield code="a">Weekly</subfield></datafield><datafield ind1=" " ind2=" " tag="336"><subfield code="a">text</subfield><subfield code="b">txt</subfield><subfield code="2">rdacontent</subfield></datafield><datafield ind1=" " ind2=" " tag="337"><subfield code="a">computer</subfield><subfield code="b">c</subfield><subfield code="2">rdamedia</subfield></datafield><datafield ind1=" " ind2=" " tag="338"><subfield code="a">online resource</subfield><subfield code="b">cr</subfield><subfield code="2">rdacarrier</subfield></datafield><datafield ind1="1" ind2=" " tag="362"><subfield code="a">Began Mar. 17, 1871?</subfield></datafield><datafield ind1=" " ind2=" " tag="515"><subfield code="a">Issue for May 25, 1871 called Extra.</subfield></datafield><datafield ind1=" " ind2=" " tag="588"><subfield code="a">Description based primarily on original print version record.</subfield></datafield><datafield ind1=" " ind2="0" tag="650"><subfield code="a">African Americans</subfield><subfield code="z">Kentucky</subfield><subfield code="z">Lexington</subfield><subfield code="v">Newspapers.</subfield></datafield><datafield ind1=" " ind2="7" tag="650"><subfield code="a">African Americans.</subfield><subfield code="2">fast</subfield><subfield code="0">(OCoLC)fst00799558</subfield></datafield><datafield ind1=" " ind2="7" tag="651"><subfield code="a">Kentucky</subfield><subfield code="z">Lexington.</subfield><subfield code="2">fast</subfield><subfield code="0">(OCoLC)fst01206432</subfield></datafield><datafield ind1=" " ind2="0" tag="651"><subfield code="a">Lexington (Ky.)</subfield><subfield code="v">Newspapers.</subfield></datafield><datafield ind1=" " ind2="7" tag="655"><subfield code="a">Newspapers.</subfield><subfield code="2">fast</subfield><subfield code="0">(OCoLC)fst01423814</subfield></datafield><datafield ind1="1" ind2=" " tag="700"><subfield code="a">Thomas, G. B.</subfield><subfield code="q">(George B.),</subfield><subfield code="e">editor,</subfield><subfield code="e">publisher.</subfield></datafield><datafield ind1=" " ind2=" " tag="752"><subfield code="a">United States</subfield><subfield code="b">Kentucky</subfield><subfield code="c">Fayette</subfield><subfield code="d">Lexington.</subfield></datafield><datafield ind1="0" ind2="8" tag="776"><subfield code="i">Microfilm version:</subfield><subfield code="t">Colored representative</subfield><subfield code="d">Cambridge, Mass. : Harvard College Library Imaging Services</subfield><subfield code="w">(OCoLC)57702556</subfield></datafield><datafield ind1="0" ind2="8" tag="776"><subfield code="i">Print version:</subfield><subfield code="t">Colored representative</subfield><subfield code="w">(DLC)sn 93059169</subfield><subfield code="w">(OCoLC)27447727</subfield></datafield><datafield ind1="4" ind2="0" tag="856"><subfield code="3">Newsbank World Newspaper Archive. Subscription required.</subfield><subfield code="u">http://infoweb.newsbank.com/?db=WHNPX&amp;s_browseRef=decades/1570D9F8E5BFA77A/all.xml</subfield><subfield code="z">Newsbank World Newspaper Archive. Subscription required.</subfield></datafield></record>